@misc{stacks-project,
  author       = {The {Stacks project authors}},
  title        = {The Stacks project},
  howpublished = {\url{https://stacks.math.columbia.edu}},
  year         = {2023},
  shorthand = {Stacks}
}

@misc{HabiroNumberField,
  author = {Garoufalidis, Stavros and Scholze, Peter and Wheeler and Zagier, Don},
  title = {The Habiro Ring of a Number Field},
  note = {Forthcoming},
  shorthand = {GS+24}
}

@Article{HabiroRing,
 Author = {Habiro, Kazuo},
 Title = {Cyclotomic completions of polynomial rings},
 FJournal = {Publications of the Research Institute for Mathematical Sciences, Kyoto University},
 Journal = {Publ. Res. Inst. Math. Sci.},
 ISSN = {0034-5318},
 Volume = {40},
 Number = {4},
 Pages = {1127--1146},
 Year = {2004},
 Language = {English},
 DOI = {10.2977/prims/1145475444},
 Keywords = {13J10,13B25,13B35},
 zbMATH = {2185479},
 Zbl = {1098.13032},
 shorthand = {Hab04}
}

@Article{qDeformations,
 Author = {Scholze, Peter},
 Title = {Canonical {{\(q\)}}-deformations in arithmetic geometry},
 FJournal = {Annales de la Facult{\'e} des Sciences de Toulouse. Math{\'e}matiques. S{\'e}rie VI},
 Journal = {Ann. Fac. Sci. Toulouse, Math. (6)},
 ISSN = {0240-2963},
 Volume = {26},
 Number = {5},
 Pages = {1163--1192},
 Year = {2017},
 Language = {English},
 DOI = {10.5802/afst.1563},
 Keywords = {14G40,14F40,14G20},
 zbMATH = {6852451},
 Zbl = {1461.14031},
 shorthand = {Sch17}
}

@misc{Wagner-qHodge,
  author = {Wagner, Ferdinand},
  title = {q-Witt vectors and q-Hodge complexes},
  year = {2024},
  url = {https://guests.mpim-bonn.mpg.de/ferdinand/q-Witt.pdf},
  shorthand = {Wag24}
}

@misc{WagnerMSThesis,
  author = {Wagner, Ferdinand},
  note = {MS thesis at the Universit√§t Bonn},
  title = {On q-de Rahm cohomology},
  year = {2022},
  shorthand = {Wag22}
}

@misc{WagnerPhDThesis,
  author = {Wagner, Ferdinand},
  title = {Derived q-Hodge complexes and Efimov's refined TC{^-}},
  note = {Forthcoming}
}

@misc{OEIS-1,
  title = {A003114: Number of partitions of n into parts 5k+1 or 5k+4},
  url = {https://oeis.org/A003114},
  shorthand = {OEISa}
}

@misc{BlochGroupsNahm,
      title={Bloch groups, algebraic K-theory, units, and Nahm's Conjecture}, 
      author={Frank Calegari and Stavros Garoufalidis and Don Zagier},
      year={2021},
      eprint={1712.04887},
      archivePrefix={arXiv},
      primaryClass={math.NT},
      url={https://arxiv.org/abs/1712.04887}, 
      shorthand = {CGZ21}
}