@Book{Warner,
 Author = {Warner, Frank W.},
 Title = {Foundations of differentiable manifolds and {Lie} groups. {Reprint}},
 FSeries = {Graduate Texts in Mathematics},
 Series = {Grad. Texts Math.},
 ISSN = {0072-5285},
 Volume = {94},
 Year = {1983},
 Publisher = {Springer, Cham},
 Language = {English},
 Keywords = {58-01,22Exx,58Axx,53-02,58C35,55N30,53C30},
 zbMATH = {3816641},
 Zbl = {0516.58001},
 shorthand = {War83}
}

@Book{LeeSM,
 Author = {Lee, John M.},
 Title = {Introduction to smooth manifolds},
 Edition = {2nd revised ed},
 FSeries = {Graduate Texts in Mathematics},
 Series = {Grad. Texts Math.},
 ISSN = {0072-5285},
 Volume = {218},
 ISBN = {978-1-4419-9981-8; 978-1-4419-9982-5},
 Year = {2013},
 Publisher = {New York, NY: Springer},
 Language = {English},
 DOI = {10.1007/978-1-4419-9982-5},
 Keywords = {53-01,53-02,58-02,57-02,53Cxx,57Rxx,58Axx},
 URL = {zenodo.org/record/4461500},
 zbMATH = {6034615},
 Zbl = {1258.53002},
 shorthand = {Lee13}
}