@Book{BGR,
 Author = {Bosch, Siegfried and G{\"u}ntzer, Ulrich and Remmert, Reinhold},
 Title = {Non-{Archimedean} analysis. {A} systematic approach to rigid analytic geometry},
 FSeries = {Grundlehren der Mathematischen Wissenschaften},
 Series = {Grundlehren Math. Wiss.},
 ISSN = {0072-7830},
 Volume = {261},
 Year = {1984},
 Publisher = {Springer, Cham},
 Language = {English},
 Keywords = {14G20,32P05,12J10,32-02,14-02,32B05,46S10},
 zbMATH = {3857279},
 Zbl = {0539.14017},
 shorthand = {BGR84}
}

@Book{FvdP,
 Author = {Fresnel, Jean and van der Put, Marius},
 Title = {Rigid analytic geometry and its applications},
 FSeries = {Progress in Mathematics},
 Series = {Prog. Math.},
 ISSN = {0743-1643},
 Volume = {218},
 ISBN = {0-8176-4206-4},
 Year = {2004},
 Publisher = {Boston, MA: Birkh{\"a}user},
 Language = {English},
 Keywords = {14G22,30H05,32P05,30G06},
 zbMATH = {2043955},
 Zbl = {1096.14014},
 shorthand = {FvdP04}
}

@Book{Berkovich,
 Author = {Berkovich, Vladimir G.},
 Title = {Spectral theory and analytic geometry over non-{Archimedean} fields},
 FSeries = {Mathematical Surveys and Monographs},
 Series = {Math. Surv. Monogr.},
 ISSN = {0076-5376},
 Volume = {33},
 ISBN = {0-8218-1534-2},
 Year = {1990},
 Publisher = {Providence, RI: American Mathematical Society},
 Language = {English},
 Keywords = {14G20,32P05},
 zbMATH = {47872},
 Zbl = {0715.14013},
 shorthand = {Ber90}
}

@Book{Huber,
 Author = {Huber, Roland},
 Title = {{\'E}tale cohomology of rigid analytic varieties and adic spaces},
 FSeries = {Aspects of Mathematics},
 Series = {Aspects Math.},
 ISSN = {0179-2156},
 Volume = {E30},
 ISBN = {3-528-06794-2},
 Year = {1996},
 Publisher = {Wiesbaden: Vieweg},
 Language = {English},
 Keywords = {14F20,32P05},
 zbMATH = {981434},
 Zbl = {0868.14010},
 shorthand = {Hub96}
}

@Book{DK,
 Author = {Delfs, Hans and Knebusch, Manfred},
 Title = {Locally semialgebraic spaces},
 FSeries = {Lecture Notes in Mathematics},
 Series = {Lect. Notes Math.},
 ISSN = {0075-8434},
 Volume = {1173},
 Year = {1985},
 Publisher = {Springer, Cham},
 Language = {English},
 DOI = {10.1007/BFb0074551},
 Keywords = {14Pxx,14-02,14F45},
 zbMATH = {3931165},
 Zbl = {0582.14006},
 shorthand = {DK85}
}