@book{Vakil,
  author = {Vakil, Ravi},
  title = {The Rising Sea: Foundations of Algebraic Geometry},
  url = {http://math.stanford.edu/~vakil/216blog/},
  note = {The version cited is the latest version as of the date of the lecture.},
  shorthand = {Vak24}
}

@Book{Hartshorne,
 Author = {Hartshorne, Robin},
 Title = {Algebraic geometry. {Corr}. 3rd printing},
 FSeries = {Graduate Texts in Mathematics},
 Series = {Grad. Texts Math.},
 ISSN = {0072-5285},
 Volume = {52},
 Year = {1983},
 Publisher = {Springer, Cham},
 Language = {English},
 Keywords = {14-02,14-01,14Exx,14Fxx,14Hxx,14Axx,14Jxx,14Nxx},
 zbMATH = {3842033},
 Zbl = {0531.14001},
 shorthand = {Har83}
}

@misc{stacks-project,
  author       = {The {Stacks project authors}},
  title        = {The Stacks project},
  howpublished = {\url{https://stacks.math.columbia.edu}},
  year         = {2024},
  shorthand = {Stacks}
}

@misc{nLabStructure,
  author = {{nLab authors}},
  title = {stuff, structure, property},
  url = {https://ncatlab.org/nlab/show/stuff%2C+structure%2C+property},
  month = {October},
  year = {2024},
  shorthand = {nLab-I}
}

@Article{Tohoku,
 Author = {Grothendieck, Alexander},
 Title = {Sur quelques points d'alg{\`e}bre homologique},
 FJournal = {T{\^o}hoku Mathematical Journal. Second Series},
 Journal = {T{\^o}hoku Math. J. (2)},
 ISSN = {0040-8735},
 Volume = {9},
 Pages = {119--221},
 Year = {1957},
 Language = {French},
 Keywords = {18-02,57-02},
 zbMATH = {3192990},
 Zbl = {0118.26104},
 shorthand = {Gro57}
}