@Book{FischerLieb,
 Author = {Fischer, Wolfgang and Lieb, Ingo},
 Title = {A course in complex analysis. {From} basic results to advanced topics},
 ISBN = {978-3-8348-1576-7; 978-3-8348-8661-3},
 Year = {2012},
 Publisher = {Wiesbaden: Vieweg+Teubner},
 Language = {English},
 DOI = {10.1007/978-3-8348-8661-3},
 Keywords = {30-01,32-01,30Bxx,30Cxx,33-01,11N05,11M06},
 zbMATH = {5971892},
 Zbl = {1238.30001},
 shorthand = {FL12}
}

@Book{SteinShakarchi,
 Author = {Stein, Elias M. and Shakarchi, Rami},
 Title = {Complex analysis},
 FSeries = {Princeton Lectures in Analysis},
 Series = {Princeton Lect. Anal.},
 Volume = {2},
 ISBN = {0-691-11385-8},
 Year = {2003},
 Publisher = {Princeton, NJ: Princeton University Press},
 Language = {English},
 Keywords = {30-01},
 zbMATH = {1889799},
 Zbl = {1020.30001},
 shorthand = {SS03}
}

@Book{Ahlfors,
 Author = {Ahlfors, Lars},
 Title = {Complex analysis. {An} introduction to the theory of analytic functions of one complex variable},
 Edition = {3rd edition, reprint of the 1979 edition},
 FSeries = {AMS Chelsea Publishing},
 Series = {AMS Chelsea Publ.},
 Volume = {385},
 ISBN = {978-1-4704-6767-8},
 Year = {2021},
 Publisher = {Providence, RI: American Mathematical Society (AMS)},
 Language = {English},
 Keywords = {30-01,01A75},
 zbMATH = {7453874},
 Zbl = {1477.30001},
 shorthand = {Ahl79}
}

@Book{Hormander,
 Author = {H{\"o}rmander, Lars},
 Title = {An introduction to complex analysis in several variables.},
 Edition = {3rd revised ed.},
 FSeries = {North-Holland Mathematical Library},
 Series = {North-Holland Math. Libr.},
 Volume = {7},
 ISBN = {0-444-88446-7},
 Year = {1990},
 Publisher = {Amsterdam etc.: North-Holland},
 Language = {English},
 Keywords = {32-02,32U05,32D15,32E05,32E20,32E10,32W05,32B05},
 zbMATH = {45273},
 Zbl = {0685.32001},
 shorthand = {H90}
}